<?xml version="1.0" encoding="UTF-8"?><collection xmlns="http://www.loc.gov/MARC21/slim"><record><leader>00375nam--2200121-i-4500</leader><controlfield tag="001">000044712</controlfield><controlfield tag="002">20161230</controlfield><controlfield tag="005">20161230201044</controlfield><controlfield tag="008">060222s1000------------r-----000-0-eng-d</controlfield><datafield ind1=" " ind2=" " tag="100"><subfield code="a">Tihomirov, A.V., Drinberg, A.Ia.Si Sbedze, Al</subfield></datafield><datafield ind1=" " ind2=" " tag="245"><subfield code="a">Tehnologia acoperirilor de lacuri si vopsele. trad.in l.rusa</subfield></datafield><datafield ind1=" " ind2=" " tag="260"><subfield code="a">Bucuresti, Inst.De Docum.Tehnica, 268-353p.+erata</subfield></datafield><datafield ind1=" " ind2=" " tag="852"><subfield code="a">1360</subfield></datafield></record></collection>